@article{HMDB,
	author = {Wishart, David S. and Tzur, Dan and Knox, Craig and Eisner, Roman and Guo, An Chi and Young, Nelson and Cheng, Dean and Jewell, Kevin and Arndt, David and Sawhney, Summit and Fung, Chris and Nikolai, Lisa and Lewis, Mike and Coutouly, Marie-Aude and Forsythe, Ian and Tang, Peter and Shrivastava, Savita and Jeroncic, Kevin and Stothard, Paul and Amegbey, Godwin and Block, David and Hau, David. D. and Wagner, James and Miniaci, Jessica and Clements, Melisa and Gebremedhin, Mulu and Guo, Natalie and Zhang, Ying and Duggan, Gavin E. and MacInnis, Glen D. and Weljie, Alim M. and Dowlatabadi, Reza and Bamforth, Fiona and Clive, Derrick and Greiner, Russ and Li, Liang and Marrie, Tom and Sykes, Brian D. and Vogel, Hans J. and Querengesser, Lori},
	title = {HMDB: the Human Metabolome Database},
	journal = {Nucleic Acids Research},
	volume = {35},
	pages = {D521-D526},
	year = {2007}
}
@article{DelVecchio2013,
	title = "A control theoretic framework for modular analysis and design of biomolecular networks",
	journal = "Annual Reviews in Control",
	volume = "37",
	number = "2",
	pages = "333 - 345",
	year = "2013",
	author = "Del Vecchio, Domitilla"
}

@article{Covert2019,
	author = {{C. Mason}, John and {W. Covert}, Markus},
	doi = {10.1016/j.jtbi.2018.10.041},
	file = {:Users/pete/Downloads/1-s2.0-S002251931830523X-main.pdf:pdf},
	issn = {10958541},
	journal = {Journal of Theoretical Biology},
	keywords = {Dynamics,Metabolism,Parameter estimation,Whole-cell modeling},
	pages = {145--156},
	publisher = {Elsevier Ltd},
	title = {{An energetic reformulation of kinetic rate laws enables scalable parameter estimation for biochemical networks}},
	url = {https://doi.org/10.1016/j.jtbi.2018.10.041},
	volume = {461},
	year = {2019}
}

@article{Transtrum2015,
	author = {Transtrum, Mark K. and Machta, Benjamin B. and Brown, Kevin S. and Daniels, Bryan C. and Myers, Christopher R. and Sethna, James P.},
	doi = {10.1063/1.4923066},
	eprint = {1501.07668},
	file = {:Users/pete/Downloads/1.4923066.pdf:pdf},
	isbn = {0021-9606},
	issn = {00219606},
	journal = {Journal of Chemical Physics},
	number = {1},
	pmid = {26156455},
	title = {{Perspective: Sloppiness and emergent theories in physics, biology, and beyond}},
	volume = {143},
	year = {2015}
}
@book{Feynman1961,
	author = {Feynman, Richard and Leighton, Robert B and Sands, Matthew},
	title = {The Feynman Lectures on Physics},
	volume = {1}, 
	publisher = {California Institute of Technology},
	year = {1963}
}

@article{Gunawardena2014,
	author = {Gunawardena, Jeremy},
	journal = {FEBS Journal},
	keywords = {Matrix-Tree Theorem,algebraic elimination,linear framework,quasi-steady state assumption,time-scale separation},
	number = {2},
	pages = {473--488},
	title = {{Time-scale separation - Michaelis and Menten's old idea, still bearing fruit}},
	volume = {281},
	year = {2014}
}

@book{Keener2009,
	address = {New York, NY},
	editor = {Keener, James and Sneyd, James},
	publisher = {Springer New York},
	series = {Interdisciplinary Applied Mathematics},
	title = {{Mathematical Physiology}},
	volume = {8/1},
	year = {2009}
}
@online{Paynter2000,
	author ={Paynter, H. M.},
	title = {The Gestation and Birth of Bond Graphs},
	year = {2000},
	url = {http://www.me.utexas.edu/~longoria/paynter/hmp/Bondgraphs.html}	
}

@article{Gawthrop2014,
	author = {Gawthrop, P. J. and Crampin, E. J.},
	doi = {10.1098/rspa.2014.0459},
	issn = {1364-5021},
	journal = {Proceedings of the Royal Society A: Mathematical, Physical and Engineering Sciences},
	month = {sep},
	number = {2171},
	pages = {20140459--20140459},
	title = {{Energy-based analysis of biochemical cycles using bond graphs}},
	url = {http://rspa.royalsocietypublishing.org/cgi/doi/10.1098/rspa.2014.0459},
	volume = {470},
	year = {2014}
}


